% LIBROS
@book{barry,
    title = {Digital Communication},
    author = {Barry, John R. and Lee, Edward A. and Messerschmitt, David G.},
    year = {2004},
    publisher = {Springer Science+Business Media},
}

% PAPERS
@article{clark,
	author = "Clark, Gregory A. and Mitra, Sanjit K. and Parker, Sydney R.",
	title = "Block Implementation of Adaptive Digital Filters",
	journal = "IEEE Transactions on Circuits and Systems",
	volume = "Cas-28",
	number = "6",
	pages = "584--592",
	year = "1981",
}


% ONLINE
@online{fft_real_from_complex,
	author = {Lyons, Richard},
	title = {DSP Tricks: Computing inverse FFTs using the forward FFT},
	year = 2010,
	url = {https://www.embedded.com/design/configurable-systems/4210789/DSP-Tricks--Computing-inverse-FFTs-using-the-forward-FFT},
	urldate = {08-01-2018}
}
