
@book{von_hagen_definitive_2006,
	address = {Berkeley, CA},
	edition = {2nd ed},
	title = {The definitive guide to {GCC}},
	isbn = {9781590595855},
	publisher = {Apress},
	author = {Von Hagen, William},
	year = {2006},
	keywords = {Compilers (Computer programs)},
}

@book{aho_compilers:_2007,
	address = {Boston},
	edition = {2nd ed},
	title = {Compilers: principles, techniques, \& tools},
	isbn = {9780321486813},
	shorttitle = {Compilers},
	publisher = {Pearson/Addison Wesley},
	editor = {Aho, Alfred V. and Aho, Alfred V.},
	year = {2007},
	keywords = {Compilers (Computer programs)},
}

@book{dave_compilers:_2012,
	title = {Compilers: {Principles} and {Practice}.},
	isbn = {9788131776117},
	shorttitle = {Compilers},
	abstract = {Compilers: Principles and Practice explains the phases and implementation of compilers and interpreters, using a large number of real-life examples. It includes examples from modern software practices such as Linux, GNU Compiler Collection (GCC) and Perl. This book has been class-tested and tuned to the requirements of undergraduate computer engineering courses across universities in India.},
	language = {English},
	publisher = {Pearson India},
	author = {Dave, Parag H and Dave, Himanshu B},
	year = {2012},
}


@book{lopes_llvm,
	title = {Getting Started with LLVM Core Libraries: Get to Grips with LLVM Essentials and Use the Core Libraries to Build Advanced Tools.},
	shorttitle = {Getting Started with LLVM Core Libraries},
	language = {English},
	publisher = {Packt Publishing},
	author = {Lopes, Bruno Cardoso and Auler, Rafael},
	year = {2014},
}

