@misc{noauthor_three_2018,
	title = {Three address code in {Compiler}},
	url = {https://www.geeksforgeeks.org/three-address-code-compiler/},
	abstract = {A Computer Science portal for geeks. It contains well written, well thought and well explained computer science and programming articles, quizzes and practice/competitive programming/company interview Questions.},
	language = {en-us},
	urldate = {2021-11-17},
	journal = {GeeksforGeeks},
	month = may,
	year = {2018},
}

@misc{noauthor_gcc_nodate,
	title = {{GCC} {Frontend} {HOWTO}: {Compiler} {Tools}},
	url = {https://tldp.org/HOWTO/GCC-Frontend-HOWTO-3.html},
	urldate = {2021-11-17},
	note = {publisher: The Linux Documentation Project},
}


@misc{department_of_computer_science_and_engineering_-_indian_institute_of_technology_introduction_2010,
	address = {Bombay},
	title = {Introduction to {RTL}},
	url = {https://www.cse.iitb.ac.in/~uday/courses/cs715-09/gcc-rtl.pdf},
	author = {{Department of Computer Science and Engineering - Indian Institute of Technology}},
	year = {2010},
	urldate = {2021-11-17},
}

@misc{department_of_computer_science_and_engineering_indian_institute_of_technology_gcc_2010,
	address = {Bombay},
	title = {{GCC} {Translation} {Sequence} and {Gimple} {IR}},
	url = {https://www.cse.iitb.ac.in/~uday/courses/cs715-09/gcc-gimple.pdf},
	author = {{Department of Computer Science and Engineering ,Indian Institute of Technology} and Khedker, U},
	year = {2010},
	urldate = {2021-11-17},
}

@misc{llvm_passes_nodate,
	title = {Passes in {LLVM}},
	url = {https://llvm.org/devmtg/2014-04/PDFs/Talks/Passes.pdf},
	author = {{LLVM}},
	urldate = {2021-11-17},
}

@misc{llvm_project_llvm_nodate,
	title = {{LLVM} {Language} {Reference} {Manual} — {LLVM} 12 documentation},
	url = {https://llvm.org/docs/LangRef.html},
	author = {{LLVM Project}},
	urldate = {2021-11-17},
}

@misc{noauthor_toolchain_nodate,
	title = {Toolchain build procedures},
	url = {https://hugh712.gitbooks.io/embeddedsystem/content/toolchain.html},
	urldate = {2021-11-17},
}

@misc{linuxbaya_cross-compiler_nodate,
	title = {Cross-compiler example},
	url = {https://linuxbaya.blogspot.com/2020/09/cross-platform-development-toolchain.html},
	journal = {LinuxBaya},
	author = {{LinuxBaya}},
	urldate = {2021-11-17},
}

@misc{hock-chuan_gcc_nodate,
	title = {{GCC} and {Make} - {A} {Tutorial} on how to compile, link and build {C}/{C}++ applications},
	url = {https://www3.ntu.edu.sg/home/ehchua/programming/cpp/gcc_make.html},
	author = {Hock-Chuan, Chua},
	urldate = {2021-11-17},
}


@misc{repo_trabajo_gcc_clangllvm,
	title = {Repositorio de trabajo},
	url = {https://github.com/josemacan/PSCompiladores/tree/main/PPS/GCCvsCLANGLLVM},
	author = {Cancinos, Jose and Gonzalez, Julian},
	urldate = {2021-11-17},
}


@misc{repo_trabajo_codigofuente,
	title = {Codigo fuente - ejemplo.c},
	url = {https://github.com/josemacan/PSCompiladores/blob/main/PPS/GCCvsCLANGLLVM/GCC/ejemplo.c},
	author = {Cancinos, Jose and Gonzalez, Julian},
	urldate = {2021-11-17},
}

@misc{repo_trabajo_gcc_preprocessor,
	title = {Código resultante del preprocesador en GNU GCC - ejemplo.i},
	url = {https://github.com/josemacan/PSCompiladores/blob/main/PPS/GCCvsCLANGLLVM/GCC/ejemplo.i},
	author = {Cancinos, Jose and Gonzalez, Julian},
	urldate = {2021-11-17},
}

@misc{repo_trabajo_clang_preprocessor,
	title = {Código resultante del preprocesador en CLANG/LLVM - ejemplo.i},
	url = {https://github.com/josemacan/PSCompiladores/blob/main/PPS/GCCvsCLANGLLVM/CLANGLLVM/ejemplo.i},
	author = {Cancinos, Jose and Gonzalez, Julian},
	urldate = {2021-11-17},
}

@misc{repo_trabajo_clang_tokens,
	title = {CLANG/LLVM - tokens.txt},
	url = {https://github.com/josemacan/PSCompiladores/blob/main/PPS/GCCvsCLANGLLVM/CLANGLLVM/tokens.txt},
	author = {Cancinos, Jose and Gonzalez, Julian},
	urldate = {2021-11-17},
}

@misc{repo_trabajo_gcc_original,
	title = {GCC - ejemplo.c.004t.original},
	url = {https://github.com/josemacan/PSCompiladores/blob/main/PPS/GCCvsCLANGLLVM/GCC/ejemplo.c.004t.original},
	author = {Cancinos, Jose and Gonzalez, Julian},
	urldate = {2021-11-17},
}

@misc{repo_trabajo_clang_ast,
	title = {CLANG/LLVM - ejemplo.ast},
	url = {https://github.com/josemacan/PSCompiladores/blob/main/PPS/GCCvsCLANGLLVM/CLANGLLVM/ejemplo.ast},
	author = {Cancinos, Jose and Gonzalez, Julian},
	urldate = {2021-11-17},
}

@misc{repo_trabajo_gcc_gimple,
	title = {GCC - ejemplo.c.005t.gimple},
	url = {https://github.com/josemacan/PSCompiladores/blob/main/PPS/GCCvsCLANGLLVM/GCC/ejemplo.c.005t.gimple},
	author = {Cancinos, Jose and Gonzalez, Julian},
	urldate = {2021-11-17},
}

@misc{repo_trabajo_clang_llvmir_readable,
	title = {CLANG/LLVM - Readable LLVM IR - ejemplo.ll},
	url = {https://github.com/josemacan/PSCompiladores/blob/main/PPS/GCCvsCLANGLLVM/CLANGLLVM/ejemplo.ll},
	author = {Cancinos, Jose and Gonzalez, Julian},
	urldate = {2021-11-17},
}

@misc{repo_trabajo_gcc_final,
	title = {GCC - ejemplo.c.317r.final},
	url = {https://github.com/josemacan/PSCompiladores/blob/main/PPS/GCCvsCLANGLLVM/GCC/ejemplo.c.317r.final},
	author = {Cancinos, Jose and Gonzalez, Julian},
	urldate = {2021-11-17},
}

@misc{repo_trabajo_clangllvm_machineinstr,
	title = {CLANG/LLVM - machineinstruct.txt},
	url = {https://github.com/josemacan/PSCompiladores/blob/main/PPS/GCCvsCLANGLLVM/CLANGLLVM/machineinstruct.txt},
	author = {Cancinos, Jose and Gonzalez, Julian},
	urldate = {2021-11-17},
}

@misc{repo_trabajo_gcc_asm,
	title = {GCC- ejemplo.s},
	url = {https://github.com/josemacan/PSCompiladores/blob/main/PPS/GCCvsCLANGLLVM/GCC/ejemplo.s},
	author = {Cancinos, Jose and Gonzalez, Julian},
	urldate = {2021-11-17},
}

@misc{repo_trabajo_clangllvm_asm,
	title = {CLANG/LLVM - ejemplo.s},
	url = {https://github.com/josemacan/PSCompiladores/blob/main/PPS/GCCvsCLANGLLVM/CLANGLLVM/ejemplo.s},
	author = {Cancinos, Jose and Gonzalez, Julian},
	urldate = {2021-11-17},
}

@misc{How_programs_get_run:ELF_binaries,
	title = {Drysdale, David. “How programs get run: ELF binaries.” 2015},
	url = {https://lwn.net/Articles/631631/},
	language = {en-us},
	urldate = {2021-11-17},
}

@misc{understanding_elf_file_format,
	title = {Understanding the ELF File Format, linuxhint},
	url = {https://linuxhint.com/understanding_elf_file_format/},
	language = {en-us},
	urldate = {2021-11-17},
}

@misc{comment-section-ELF,
	title = {What is the significance of ".comment" section in ELF?, quora},
	url = {https://www.quora.com/What-is-the-significance-of-comment-section-in-ELF},
	language = {en-us},
	urldate = {2021-11-17},
}

@misc{attribute-c,
	title = {Declaring Attributes of Functions, GNU},
	url = {https://gcc.gnu.org/onlinedocs/gcc-3.2/gcc/Function-Attributes.html},
	language = {en-us},
	urldate = {2021-11-17},
}

@misc{assembler-warning,
	title = {Assembler warning with gcc warning when placing data in .text, stackoverflow},
	url = {https://stackoverflow.com/questions/58455300/assembler-warning-with-gcc-warning-when-placing-data-in-text},
	language = {en-us},
	urldate = {2021-11-17},
}

@misc{ascii-comments-c-binary,
	title = {Add ASCII comments to a C binary?, stackoverflow},
	url = {https://stackoverflow.com/questions/32740668/add-ascii-comments-to-a-c-binary},
	language = {en-us},
	urldate = {2021-11-17},
}


@misc{command-line-string-literal,
	title = {How to define a string literal in gcc command line?, stackoverflow},
	url = {https://stackoverflow.com/questions/2410976/how-to-define-a-string-literal-in-gcc-command-line},
	language = {en-us},
	urldate = {2021-11-17},
}


@misc{repo_trabajo_gcc_elf,
	title = {Repositorio de trabajo},
	url = {https://github.com/josemacan/PSCompiladores/tree/main/PPS/ELF/GCC},
	author = {{Cancinos, Jose and Gonzalez, Julian}},
	urldate = {2021-11-17},
}

@misc{repo_trabajo_insercion_inlineasm,
	title = {Insercion de codigo usando Inline ASM},
	url = {https://github.com/josemacan/PSCompiladores/blob/main/PPS/ELF/GCC/InlineASM/simpleEjInline.c},
	author = {{Cancinos, Jose and Gonzalez, Julian}},
	urldate = {2021-11-17},
}

@misc{repo_trabajo_insercion_objcopy,
	title = {Insercion de codigo usando comando objcopy},
	url = {https://github.com/josemacan/PSCompiladores/blob/main/PPS/ELF/GCC/AddComment_OBJCOPY/Makefile},
	author = {{Cancinos, Jose and Gonzalez, Julian}},
	urldate = {2021-11-17},
}

@misc{repo_trabajo_insercion_attributeC,
	title = {Insercion de codigo usando atributos de C},
	url = {https://github.com/josemacan/PSCompiladores/blob/main/PPS/ELF/GCC/AddComment_AtributeC/simpleEjATR.c},
	author = {{Cancinos, Jose and Gonzalez, Julian}},
	urldate = {2021-11-17},
}

@misc{repo_trabajo_insercion_rodata,
	title = {Insercion de codigo en seccion read only data},
	url = {https://github.com/josemacan/PSCompiladores/blob/main/PPS/ELF/GCC/String_rodata/cod_rodata.c},
	author = {{Cancinos, Jose and Gonzalez, Julian}},
	urldate = {2021-11-17},
}

@misc{repo_trabajo_insercion_macro_metadatasection,
	title = {Insercion de codigo utilizando macro y atributos de C en una nueva seccion en ejecutable},
	url = {https://github.com/josemacan/PSCompiladores/blob/main/PPS/ELF/GCC/MacrosComment/code_macros.c},
	author = {{Cancinos, Jose and Gonzalez, Julian}},
	urldate = {2021-11-17},
}

@misc{repo_trabajo_lecturaELF,
	title = {Programa de lectura de metadata insertada en ejecutable ELF},
	url = {https://github.com/josemacan/PSCompiladores/blob/main/PPS/LecturaELF/lecturaELF.c},
	author = {{Cancinos, Jose and Gonzalez, Julian}},
	urldate = {2021-11-17},
}
